%YAML 1.1
%TAG !u! tag:unity3d.com,2011:
--- !u!29 &1
OcclusionCullingSettings:
  m_ObjectHideFlags: 0
  serializedVersion: 2
  m_OcclusionBakeSettings:
    smallestOccluder: 5
    smallestHole: 0.25
    backfaceThreshold: 100
  m_SceneGUID: 00000000000000000000000000000000
  m_OcclusionCullingData: {fileID: 0}
--- !u!104 &2
RenderSettings:
  m_ObjectHideFlags: 0
  serializedVersion: 9
  m_Fog: 0
  m_FogColor: {r: 0.5, g: 0.5, b: 0.5, a: 1}
  m_FogMode: 3
  m_FogDensity: 0.01
  m_LinearFogStart: 0
  m_LinearFogEnd: 300
  m_AmbientSkyColor: {r: 0.212, g: 0.227, b: 0.259, a: 1}
  m_AmbientEquatorColor: {r: 0.114, g: 0.125, b: 0.133, a: 1}
  m_AmbientGroundColor: {r: 0.047, g: 0.043, b: 0.035, a: 1}
  m_AmbientIntensity: 1
  m_AmbientMode: 0
  m_SubtractiveShadowColor: {r: 0.42, g: 0.478, b: 0.627, a: 1}
  m_SkyboxMaterial: {fileID: 10304, guid: 0000000000000000f000000000000000, type: 0}
  m_HaloStrength: 0.5
  m_FlareStrength: 1
  m_FlareFadeSpeed: 3
  m_HaloTexture: {fileID: 0}
  m_SpotCookie: {fileID: 10001, guid: 0000000000000000e000000000000000, type: 0}
  m_DefaultReflectionMode: 0
  m_DefaultReflectionResolution: 128
  m_ReflectionBounces: 1
  m_ReflectionIntensity: 1
  m_CustomReflection: {fileID: 0}
  m_Sun: {fileID: 0}
  m_IndirectSpecularColor: {r: 0.44361478, g: 0.49293667, b: 0.5725074, a: 1}
  m_UseRadianceAmbientProbe: 0
--- !u!157 &3
LightmapSettings:
  m_ObjectHideFlags: 0
  serializedVersion: 11
  m_GIWorkflowMode: 1
  m_GISettings:
    serializedVersion: 2
    m_BounceScale: 1
    m_IndirectOutputScale: 1
    m_AlbedoBoost: 1
    m_TemporalCoherenceThreshold: 1
    m_EnvironmentLightingMode: 0
    m_EnableBakedLightmaps: 0
    m_EnableRealtimeLightmaps: 0
  m_LightmapEditorSettings:
    serializedVersion: 10
    m_Resolution: 2
    m_BakeResolution: 40
    m_AtlasSize: 1024
    m_AO: 0
    m_AOMaxDistance: 1
    m_CompAOExponent: 0
    m_CompAOExponentDirect: 0
    m_Padding: 2
    m_LightmapParameters: {fileID: 0}
    m_LightmapsBakeMode: 1
    m_TextureCompression: 1
    m_FinalGather: 0
    m_FinalGatherFiltering: 1
    m_FinalGatherRayCount: 1024
    m_ReflectionCompression: 2
    m_MixedBakeMode: 1
    m_BakeBackend: 0
    m_PVRSampling: 1
    m_PVRDirectSampleCount: 32
    m_PVRSampleCount: 500
    m_PVRBounces: 2
    m_PVRFilterTypeDirect: 0
    m_PVRFilterTypeIndirect: 0
    m_PVRFilterTypeAO: 0
    m_PVRFilteringMode: 0
    m_PVRCulling: 1
    m_PVRFilteringGaussRadiusDirect: 1
    m_PVRFilteringGaussRadiusIndirect: 5
    m_PVRFilteringGaussRadiusAO: 2
    m_PVRFilteringAtrousPositionSigmaDirect: 0.5
    m_PVRFilteringAtrousPositionSigmaIndirect: 2
    m_PVRFilteringAtrousPositionSigmaAO: 1
    m_ShowResolutionOverlay: 1
  m_LightingDataAsset: {fileID: 112000001, guid: b7ec6548fe1dce04587a014220744fda,
    type: 2}
  m_UseShadowmask: 0
--- !u!196 &4
NavMeshSettings:
  serializedVersion: 2
  m_ObjectHideFlags: 0
  m_BuildSettings:
    serializedVersion: 2
    agentTypeID: 0
    agentRadius: 0.5
    agentHeight: 2
    agentSlope: 45
    agentClimb: 0.4
    ledgeDropHeight: 0
    maxJumpAcrossDistance: 0
    minRegionArea: 2
    manualCellSize: 0
    cellSize: 0.16666667
    manualTileSize: 0
    tileSize: 256
    accuratePlacement: 0
    debug:
      m_Flags: 0
  m_NavMeshData: {fileID: 0}
--- !u!1 &54392309
GameObject:
  m_ObjectHideFlags: 0
  m_CorrespondingSourceObject: {fileID: 1131521074651102, guid: 90373ca897f8dfb4db1db27e1047e906,
    type: 2}
  m_PrefabInternal: {fileID: 1131069246}
  serializedVersion: 6
  m_Component:
  - component: {fileID: 54392310}
  m_Layer: 0
  m_Name: basic_rig L Finger2
  m_TagString: Untagged
  m_Icon: {fileID: 0}
  m_NavMeshLayer: 0
  m_StaticEditorFlags: 0
  m_IsActive: 1
--- !u!4 &54392310
Transform:
  m_ObjectHideFlags: 0
  m_CorrespondingSourceObject: {fileID: 4531269403347954, guid: 90373ca897f8dfb4db1db27e1047e906,
    type: 2}
  m_PrefabInternal: {fileID: 1131069246}
  m_GameObject: {fileID: 54392309}
  m_LocalRotation: {x: -0.00038239313, y: 0.2795932, z: -0.00011128062, w: 0.9601185}
  m_LocalPosition: {x: -0.008257882, y: 0.00015519715, z: 0.0024709883}
  m_LocalScale: {x: 1.0000002, y: 1, z: 1}
  m_Children:
  - {fileID: 732343471}
  m_Father: {fileID: 1570815945}
  m_RootOrder: 2
  m_LocalEulerAnglesHint: {x: 0, y: 0, z: 0}
--- !u!1 &110082909
GameObject:
  m_ObjectHideFlags: 0
  m_CorrespondingSourceObject: {fileID: 1076327325983114, guid: 90373ca897f8dfb4db1db27e1047e906,
    type: 2}
  m_PrefabInternal: {fileID: 1131069246}
  serializedVersion: 6
  m_Component:
  - component: {fileID: 110082910}
  m_Layer: 0
  m_Name: basic_rig L Clavicle
  m_TagString: Untagged
  m_Icon: {fileID: 0}
  m_NavMeshLayer: 0
  m_StaticEditorFlags: 0
  m_IsActive: 1
--- !u!4 &110082910
Transform:
  m_ObjectHideFlags: 0
  m_CorrespondingSourceObject: {fileID: 4595407279852512, guid: 90373ca897f8dfb4db1db27e1047e906,
    type: 2}
  m_PrefabInternal: {fileID: 1131069246}
  m_GameObject: {fileID: 110082909}
  m_LocalRotation: {x: -0.6087614, y: -0.0002435872, z: 0.7933532, w: -0.0003151176}
  m_LocalPosition: {x: -0.009793099, y: -0.0032242318, z: 0.003381915}
  m_LocalScale: {x: 1, y: 1, z: 0.99999994}
  m_Children:
  - {fileID: 245497666}
  m_Father: {fileID: 554437276}
  m_RootOrder: 0
  m_LocalEulerAnglesHint: {x: 0, y: 0, z: 0}
--- !u!1 &124808592
GameObject:
  m_ObjectHideFlags: 0
  m_CorrespondingSourceObject: {fileID: 1056603182691838, guid: 90373ca897f8dfb4db1db27e1047e906,
    type: 2}
  m_PrefabInternal: {fileID: 1131069246}
  serializedVersion: 6
  m_Component:
  - component: {fileID: 124808593}
  m_Layer: 0
  m_Name: basic_rig R Forearm
  m_TagString: Untagged
  m_Icon: {fileID: 0}
  m_NavMeshLayer: 0
  m_StaticEditorFlags: 0
  m_IsActive: 1
--- !u!4 &124808593
Transform:
  m_ObjectHideFlags: 0
  m_CorrespondingSourceObject: {fileID: 4051411173423082, guid: 90373ca897f8dfb4db1db27e1047e906,
    type: 2}
  m_PrefabInternal: {fileID: 1131069246}
  m_GameObject: {fileID: 124808592}
  m_LocalRotation: {x: 8.614741e-11, y: 0.000000029805825, z: 0.012733113, w: 0.99991894}
  m_LocalPosition: {x: -0.010840539, y: -4.768372e-10, z: 0}
  m_LocalScale: {x: 1.0000001, y: 0.9999999, z: 1}
  m_Children:
  - {fileID: 627970539}
  m_Father: {fileID: 705666819}
  m_RootOrder: 0
  m_LocalEulerAnglesHint: {x: 0, y: 0, z: 0}
--- !u!1 &217049219
GameObject:
  m_ObjectHideFlags: 0
  m_CorrespondingSourceObject: {fileID: 1213499134146502, guid: 90373ca897f8dfb4db1db27e1047e906,
    type: 2}
  m_PrefabInternal: {fileID: 1131069246}
  serializedVersion: 6
  m_Component:
  - component: {fileID: 217049220}
  m_Layer: 0
  m_Name: basic_rig Head
  m_TagString: Untagged
  m_Icon: {fileID: 0}
  m_NavMeshLayer: 0
  m_StaticEditorFlags: 0
  m_IsActive: 1
--- !u!4 &217049220
Transform:
  m_ObjectHideFlags: 0
  m_CorrespondingSourceObject: {fileID: 4931996969152966, guid: 90373ca897f8dfb4db1db27e1047e906,
    type: 2}
  m_PrefabInternal: {fileID: 1131069246}
  m_GameObject: {fileID: 217049219}
  m_LocalRotation: {x: 5.4348203e-13, y: -0.0000000011042405, z: 0.00039887443, w: 0.99999994}
  m_LocalPosition: {x: -0.005142174, y: 0, z: 0}
  m_LocalScale: {x: 0.9999998, y: 0.9999998, z: 0.99999994}
  m_Children:
  - {fileID: 2069719494}
  m_Father: {fileID: 1426706942}
  m_RootOrder: 0
  m_LocalEulerAnglesHint: {x: 0, y: 0, z: 0}
--- !u!1 &245497665
GameObject:
  m_ObjectHideFlags: 0
  m_CorrespondingSourceObject: {fileID: 1222866805158046, guid: 90373ca897f8dfb4db1db27e1047e906,
    type: 2}
  m_PrefabInternal: {fileID: 1131069246}
  serializedVersion: 6
  m_Component:
  - component: {fileID: 245497666}
  m_Layer: 0
  m_Name: basic_rig L UpperArm
  m_TagString: Untagged
  m_Icon: {fileID: 0}
  m_NavMeshLayer: 0
  m_StaticEditorFlags: 0
  m_IsActive: 1
--- !u!4 &245497666
Transform:
  m_ObjectHideFlags: 0
  m_CorrespondingSourceObject: {fileID: 4207722577446164, guid: 90373ca897f8dfb4db1db27e1047e906,
    type: 2}
  m_PrefabInternal: {fileID: 1131069246}
  m_GameObject: {fileID: 245497665}
  m_LocalRotation: {x: 0.006366947, y: -0.3443608, z: -0.005388389, w: 0.93880033}
  m_LocalPosition: {x: -0.007314854, y: 0, z: 0}
  m_LocalScale: {x: 1.0000001, y: 1.0000002, z: 1.0000002}
  m_Children:
  - {fileID: 836660181}
  m_Father: {fileID: 110082910}
  m_RootOrder: 0
  m_LocalEulerAnglesHint: {x: 0, y: 0, z: 0}
--- !u!1 &278202436
GameObject:
  m_ObjectHideFlags: 0
  m_CorrespondingSourceObject: {fileID: 1156610125444878, guid: 90373ca897f8dfb4db1db27e1047e906,
    type: 2}
  m_PrefabInternal: {fileID: 1131069246}
  serializedVersion: 6
  m_Component:
  - component: {fileID: 278202437}
  m_Layer: 0
  m_Name: basic_rig R Clavicle
  m_TagString: Untagged
  m_Icon: {fileID: 0}
  m_NavMeshLayer: 0
  m_StaticEditorFlags: 0
  m_IsActive: 1
--- !u!4 &278202437
Transform:
  m_ObjectHideFlags: 0
  m_CorrespondingSourceObject: {fileID: 4216311062763452, guid: 90373ca897f8dfb4db1db27e1047e906,
    type: 2}
  m_PrefabInternal: {fileID: 1131069246}
  m_GameObject: {fileID: 278202436}
  m_LocalRotation: {x: 0.6087614, y: 0.00024138906, z: 0.79335326, w: -0.00031681434}
  m_LocalPosition: {x: -0.009793095, y: -0.0032242143, z: -0.0033819317}
  m_LocalScale: {x: 1, y: 1, z: 0.99999994}
  m_Children:
  - {fileID: 705666819}
  m_Father: {fileID: 554437276}
  m_RootOrder: 2
  m_LocalEulerAnglesHint: {x: 0, y: 0, z: 0}
--- !u!1 &330920643
GameObject:
  m_ObjectHideFlags: 0
  m_CorrespondingSourceObject: {fileID: 1396052491489010, guid: 90373ca897f8dfb4db1db27e1047e906,
    type: 2}
  m_PrefabInternal: {fileID: 1131069246}
  serializedVersion: 6
  m_Component:
  - component: {fileID: 330920644}
  m_Layer: 0
  m_Name: basic_rig L Foot
  m_TagString: Untagged
  m_Icon: {fileID: 0}
  m_NavMeshLayer: 0
  m_StaticEditorFlags: 0
  m_IsActive: 1
--- !u!4 &330920644
Transform:
  m_ObjectHideFlags: 0
  m_CorrespondingSourceObject: {fileID: 4667183457920032, guid: 90373ca897f8dfb4db1db27e1047e906,
    type: 2}
  m_PrefabInternal: {fileID: 1131069246}
  m_GameObject: {fileID: 330920643}
  m_LocalRotation: {x: 0.0000129043865, y: 0.008274239, z: -0.119211115, w: 0.99283445}
  m_LocalPosition: {x: -0.011653765, y: -4.768372e-10, z: -4.768372e-10}
  m_LocalScale: {x: 1.0000001, y: 1.0000001, z: 1.0000001}
  m_Children:
  - {fileID: 1262471828}
  m_Father: {fileID: 1375419308}
  m_RootOrder: 0
  m_LocalEulerAnglesHint: {x: 0, y: 0, z: 0}
--- !u!1 &395846542
GameObject:
  m_ObjectHideFlags: 0
  m_CorrespondingSourceObject: {fileID: 1231086825721776, guid: 90373ca897f8dfb4db1db27e1047e906,
    type: 2}
  m_PrefabInternal: {fileID: 1131069246}
  serializedVersion: 6
  m_Component:
  - component: {fileID: 395846543}
  m_Layer: 0
  m_Name: basic_rig R Foot
  m_TagString: Untagged
  m_Icon: {fileID: 0}
  m_NavMeshLayer: 0
  m_StaticEditorFlags: 0
  m_IsActive: 1
--- !u!4 &395846543
Transform:
  m_ObjectHideFlags: 0
  m_CorrespondingSourceObject: {fileID: 4063986940069042, guid: 90373ca897f8dfb4db1db27e1047e906,
    type: 2}
  m_PrefabInternal: {fileID: 1131069246}
  m_GameObject: {fileID: 395846542}
  m_LocalRotation: {x: -0.000013011878, y: -0.008274204, z: -0.11921109, w: 0.9928345}
  m_LocalPosition: {x: -0.011653766, y: 4.768372e-10, z: 0}
  m_LocalScale: {x: 1.0000002, y: 1.0000001, z: 1.0000001}
  m_Children:
  - {fileID: 1094275877}
  m_Father: {fileID: 804773394}
  m_RootOrder: 0
  m_LocalEulerAnglesHint: {x: 0, y: 0, z: 0}
--- !u!1 &554437275
GameObject:
  m_ObjectHideFlags: 0
  m_CorrespondingSourceObject: {fileID: 1186709760946866, guid: 90373ca897f8dfb4db1db27e1047e906,
    type: 2}
  m_PrefabInternal: {fileID: 1131069246}
  serializedVersion: 6
  m_Component:
  - component: {fileID: 554437276}
  m_Layer: 0
  m_Name: basic_rig Spine1
  m_TagString: Untagged
  m_Icon: {fileID: 0}
  m_NavMeshLayer: 0
  m_StaticEditorFlags: 0
  m_IsActive: 1
--- !u!4 &554437276
Transform:
  m_ObjectHideFlags: 0
  m_CorrespondingSourceObject: {fileID: 4931817253845018, guid: 90373ca897f8dfb4db1db27e1047e906,
    type: 2}
  m_PrefabInternal: {fileID: 1131069246}
  m_GameObject: {fileID: 554437275}
  m_LocalRotation: {x: 5.2180482e-14, y: -2.842171e-14, z: -2.910383e-11, w: 1}
  m_LocalPosition: {x: -0.013205651, y: -0.000010515333, z: -2.9165677e-11}
  m_LocalScale: {x: 1, y: 1, z: 0.99999994}
  m_Children:
  - {fileID: 110082910}
  - {fileID: 1426706942}
  - {fileID: 278202437}
  m_Father: {fileID: 1111030057}
  m_RootOrder: 0
  m_LocalEulerAnglesHint: {x: 0, y: 0, z: 0}
--- !u!1 &587266976
GameObject:
  m_ObjectHideFlags: 0
  m_CorrespondingSourceObject: {fileID: 0}
  m_PrefabInternal: {fileID: 0}
  serializedVersion: 6
  m_Component:
  - component: {fileID: 587266981}
  - component: {fileID: 587266980}
  - component: {fileID: 587266979}
  - component: {fileID: 587266978}
  - component: {fileID: 587266977}
  - component: {fileID: 587266982}
  - component: {fileID: 587266983}
  m_Layer: 0
  m_Name: Main Camera
  m_TagString: MainCamera
  m_Icon: {fileID: 0}
  m_NavMeshLayer: 0
  m_StaticEditorFlags: 0
  m_IsActive: 1
--- !u!81 &587266977
AudioListener:
  m_ObjectHideFlags: 0
  m_CorrespondingSourceObject: {fileID: 0}
  m_PrefabInternal: {fileID: 0}
  m_GameObject: {fileID: 587266976}
  m_Enabled: 1
--- !u!124 &587266978
Behaviour:
  m_ObjectHideFlags: 0
  m_CorrespondingSourceObject: {fileID: 0}
  m_PrefabInternal: {fileID: 0}
  m_GameObject: {fileID: 587266976}
  m_Enabled: 1
--- !u!92 &587266979
Behaviour:
  m_ObjectHideFlags: 0
  m_CorrespondingSourceObject: {fileID: 0}
  m_PrefabInternal: {fileID: 0}
  m_GameObject: {fileID: 587266976}
  m_Enabled: 1
--- !u!20 &587266980
Camera:
  m_ObjectHideFlags: 0
  m_CorrespondingSourceObject: {fileID: 0}
  m_PrefabInternal: {fileID: 0}
  m_GameObject: {fileID: 587266976}
  m_Enabled: 1
  serializedVersion: 2
  m_ClearFlags: 1
  m_BackGroundColor: {r: 0.19215687, g: 0.3019608, b: 0.4745098, a: 0.019607844}
  m_projectionMatrixMode: 1
  m_SensorSize: {x: 36, y: 24}
  m_LensShift: {x: 0, y: 0}
  m_FocalLength: 50
  m_NormalizedViewPortRect:
    serializedVersion: 2
    x: 0
    y: 0
    width: 1
    height: 1
  near clip plane: 0.3
  far clip plane: 1000
  field of view: 60
  orthographic: 0
  orthographic size: 5
  m_Depth: -1
  m_CullingMask:
    serializedVersion: 2
    m_Bits: 4294967295
  m_RenderingPath: -1
  m_TargetTexture: {fileID: 0}
  m_TargetDisplay: 0
  m_TargetEye: 3
  m_HDR: 0
  m_AllowMSAA: 1
  m_AllowDynamicResolution: 0
  m_ForceIntoRT: 0
  m_OcclusionCulling: 1
  m_StereoConvergence: 10
  m_StereoSeparation: 0.022
--- !u!4 &587266981
Transform:
  m_ObjectHideFlags: 0
  m_CorrespondingSourceObject: {fileID: 0}
  m_PrefabInternal: {fileID: 0}
  m_GameObject: {fileID: 587266976}
  m_LocalRotation: {x: 0, y: 0, z: 0, w: 1}
  m_LocalPosition: {x: 36.3, y: 1, z: -10}
  m_LocalScale: {x: 1, y: 1, z: 1}
  m_Children: []
  m_Father: {fileID: 0}
  m_RootOrder: 1
  m_LocalEulerAnglesHint: {x: 0, y: 0, z: 0}
--- !u!114 &587266982
MonoBehaviour:
  m_ObjectHideFlags: 0
  m_CorrespondingSourceObject: {fileID: 0}
  m_PrefabInternal: {fileID: 0}
  m_GameObject: {fileID: 587266976}
  m_Enabled: 1
  m_EditorHideFlags: 0
  m_Script: {fileID: 11500000, guid: 2ef0233d4c08b0c4d909da12ddc60082, type: 3}
  m_Name: 
  m_EditorClassIdentifier: 
  m_targets:
  - {fileID: 1131069247}
--- !u!114 &587266983
MonoBehaviour:
  m_ObjectHideFlags: 0
  m_CorrespondingSourceObject: {fileID: 0}
  m_PrefabInternal: {fileID: 0}
  m_GameObject: {fileID: 587266976}
  m_Enabled: 1
  m_EditorHideFlags: 0
  m_Script: {fileID: 11500000, guid: 3165d7738dccac841ad9ce294d36cba5, type: 3}
  m_Name: 
  m_EditorClassIdentifier: 
  m_cameraLogic: {fileID: 587266982}
--- !u!1 &587683812
GameObject:
  m_ObjectHideFlags: 0
  m_CorrespondingSourceObject: {fileID: 1684712723847636, guid: 90373ca897f8dfb4db1db27e1047e906,
    type: 2}
  m_PrefabInternal: {fileID: 1131069246}
  serializedVersion: 6
  m_Component:
  - component: {fileID: 587683813}
  m_Layer: 0
  m_Name: basic_rig R Finger1
  m_TagString: Untagged
  m_Icon: {fileID: 0}
  m_NavMeshLayer: 0
  m_StaticEditorFlags: 0
  m_IsActive: 1
--- !u!4 &587683813
Transform:
  m_ObjectHideFlags: 0
  m_CorrespondingSourceObject: {fileID: 4607719614317644, guid: 90373ca897f8dfb4db1db27e1047e906,
    type: 2}
  m_PrefabInternal: {fileID: 1131069246}
  m_GameObject: {fileID: 587683812}
  m_LocalRotation: {x: 0.0003981585, y: 1.10482276e-10, z: -0.000000014901204, w: 0.99999994}
  m_LocalPosition: {x: -0.009509616, y: 0.0001326828, z: 0.00083404046}
  m_LocalScale: {x: 1, y: 1.0000001, z: 1.0000001}
  m_Children:
  - {fileID: 949681972}
  m_Father: {fileID: 627970539}
  m_RootOrder: 1
  m_LocalEulerAnglesHint: {x: 0, y: 0, z: 0}
--- !u!1 &627970538
GameObject:
  m_ObjectHideFlags: 0
  m_CorrespondingSourceObject: {fileID: 1031639915724638, guid: 90373ca897f8dfb4db1db27e1047e906,
    type: 2}
  m_PrefabInternal: {fileID: 1131069246}
  serializedVersion: 6
  m_Component:
  - component: {fileID: 627970539}
  m_Layer: 0
  m_Name: basic_rig R Hand
  m_TagString: Untagged
  m_Icon: {fileID: 0}
  m_NavMeshLayer: 0
  m_StaticEditorFlags: 0
  m_IsActive: 1
--- !u!4 &627970539
Transform:
  m_ObjectHideFlags: 0
  m_CorrespondingSourceObject: {fileID: 4829291330671342, guid: 90373ca897f8dfb4db1db27e1047e906,
    type: 2}
  m_PrefabInternal: {fileID: 1131069246}
  m_GameObject: {fileID: 627970538}
  m_LocalRotation: {x: 0.70510024, y: 0.049390092, z: -0.049350783, w: 0.70566195}
  m_LocalPosition: {x: -0.01116572, y: 4.768372e-10, z: -0.0000000038146974}
  m_LocalScale: {x: 1.0000002, y: 1.0000001, z: 1.0000001}
  m_Children:
  - {fileID: 913414710}
  - {fileID: 587683813}
  - {fileID: 1079794708}
  m_Father: {fileID: 124808593}
  m_RootOrder: 0
  m_LocalEulerAnglesHint: {x: 0, y: 0, z: 0}
--- !u!1 &705666818
GameObject:
  m_ObjectHideFlags: 0
  m_CorrespondingSourceObject: {fileID: 1494958694394440, guid: 90373ca897f8dfb4db1db27e1047e906,
    type: 2}
  m_PrefabInternal: {fileID: 1131069246}
  serializedVersion: 6
  m_Component:
  - component: {fileID: 705666819}
  m_Layer: 0
  m_Name: basic_rig UpperArm
  m_TagString: Untagged
  m_Icon: {fileID: 0}
  m_NavMeshLayer: 0
  m_StaticEditorFlags: 0
  m_IsActive: 1
--- !u!4 &705666819
Transform:
  m_ObjectHideFlags: 0
  m_CorrespondingSourceObject: {fileID: 4490925315048876, guid: 90373ca897f8dfb4db1db27e1047e906,
    type: 2}
  m_PrefabInternal: {fileID: 1131069246}
  m_GameObject: {fileID: 705666818}
  m_LocalRotation: {x: -0.0063669197, y: 0.3443608, z: -0.005388398, w: 0.9388004}
  m_LocalPosition: {x: -0.007314849, y: 2.384186e-10, z: 0}
  m_LocalScale: {x: 1.0000002, y: 1, z: 1}
  m_Children:
  - {fileID: 124808593}
  m_Father: {fileID: 278202437}
  m_RootOrder: 0
  m_LocalEulerAnglesHint: {x: 0, y: 0, z: 0}
--- !u!1 &732343470
GameObject:
  m_ObjectHideFlags: 0
  m_CorrespondingSourceObject: {fileID: 1765923871590880, guid: 90373ca897f8dfb4db1db27e1047e906,
    type: 2}
  m_PrefabInternal: {fileID: 1131069246}
  serializedVersion: 6
  m_Component:
  - component: {fileID: 732343471}
  m_Layer: 0
  m_Name: Bip001 L Finger2Nub
  m_TagString: Untagged
  m_Icon: {fileID: 0}
  m_NavMeshLayer: 0
  m_StaticEditorFlags: 0
  m_IsActive: 1
--- !u!4 &732343471
Transform:
  m_ObjectHideFlags: 0
  m_CorrespondingSourceObject: {fileID: 4041282078605692, guid: 90373ca897f8dfb4db1db27e1047e906,
    type: 2}
  m_PrefabInternal: {fileID: 1131069246}
  m_GameObject: {fileID: 732343470}
  m_LocalRotation: {x: -0.000000014901163, y: -0.000000014901167, z: 0.00000002980233,
    w: 1}
  m_LocalPosition: {x: -0.002560773, y: 0, z: 0}
  m_LocalScale: {x: 0.99999976, y: 0.9999998, z: 0.99999994}
  m_Children: []
  m_Father: {fileID: 54392310}
  m_RootOrder: 0
  m_LocalEulerAnglesHint: {x: 0, y: 0, z: 0}
--- !u!1 &793792588
GameObject:
  m_ObjectHideFlags: 0
  m_CorrespondingSourceObject: {fileID: 1184785308581374, guid: 90373ca897f8dfb4db1db27e1047e906,
    type: 2}
  m_PrefabInternal: {fileID: 1131069246}
  serializedVersion: 6
  m_Component:
  - component: {fileID: 793792589}
  m_Layer: 0
  m_Name: Bip001 R Finger0Nub
  m_TagString: Untagged
  m_Icon: {fileID: 0}
  m_NavMeshLayer: 0
  m_StaticEditorFlags: 0
  m_IsActive: 1
--- !u!4 &793792589
Transform:
  m_ObjectHideFlags: 0
  m_CorrespondingSourceObject: {fileID: 4779916005104304, guid: 90373ca897f8dfb4db1db27e1047e906,
    type: 2}
  m_PrefabInternal: {fileID: 1131069246}
  m_GameObject: {fileID: 793792588}
  m_LocalRotation: {x: -0.00000001490116, y: -0.000000007450581, z: 1, w: -0.000000059604645}
  m_LocalPosition: {x: -0.0039451947, y: 0.0000000038146974, z: 0}
  m_LocalScale: {x: -1, y: -1.0000001, z: -0.99999994}
  m_Children: []
  m_Father: {fileID: 913414710}
  m_RootOrder: 0
  m_LocalEulerAnglesHint: {x: 0, y: 0, z: 0}
--- !u!1 &804773393
GameObject:
  m_ObjectHideFlags: 0
  m_CorrespondingSourceObject: {fileID: 1655967573323442, guid: 90373ca897f8dfb4db1db27e1047e906,
    type: 2}
  m_PrefabInternal: {fileID: 1131069246}
  serializedVersion: 6
  m_Component:
  - component: {fileID: 804773394}
  m_Layer: 0
  m_Name: basic_rig R Calf
  m_TagString: Untagged
  m_Icon: {fileID: 0}
  m_NavMeshLayer: 0
  m_StaticEditorFlags: 0
  m_IsActive: 1
--- !u!4 &804773394
Transform:
  m_ObjectHideFlags: 0
  m_CorrespondingSourceObject: {fileID: 4392610103321246, guid: 90373ca897f8dfb4db1db27e1047e906,
    type: 2}
  m_PrefabInternal: {fileID: 1131069246}
  m_GameObject: {fileID: 804773393}
  m_LocalRotation: {x: 1.0726455e-10, y: -9.25125e-10, z: 0.11517443, w: 0.9933453}
  m_LocalPosition: {x: -0.01284573, y: 0, z: 0}
  m_LocalScale: {x: 1, y: 1.0000001, z: 1}
  m_Children:
  - {fileID: 395846543}
  m_Father: {fileID: 1741291345}
  m_RootOrder: 0
  m_LocalEulerAnglesHint: {x: 0, y: 0, z: 0}
--- !u!1 &836660180
GameObject:
  m_ObjectHideFlags: 0
  m_CorrespondingSourceObject: {fileID: 1299383466069272, guid: 90373ca897f8dfb4db1db27e1047e906,
    type: 2}
  m_PrefabInternal: {fileID: 1131069246}
  serializedVersion: 6
  m_Component:
  - component: {fileID: 836660181}
  m_Layer: 0
  m_Name: basic_rig L Forearm
  m_TagString: Untagged
  m_Icon: {fileID: 0}
  m_NavMeshLayer: 0
  m_StaticEditorFlags: 0
  m_IsActive: 1
--- !u!4 &836660181
Transform:
  m_ObjectHideFlags: 0
  m_CorrespondingSourceObject: {fileID: 4581158023680082, guid: 90373ca897f8dfb4db1db27e1047e906,
    type: 2}
  m_PrefabInternal: {fileID: 1131069246}
  m_GameObject: {fileID: 836660180}
  m_LocalRotation: {x: -3.6203243e-10, y: -0.00000004471172, z: 0.012733117, w: 0.99991894}
  m_LocalPosition: {x: -0.010840546, y: 0, z: 0}
  m_LocalScale: {x: 0.99999994, y: 1, z: 1}
  m_Children:
  - {fileID: 1570815945}
  m_Father: {fileID: 245497666}
  m_RootOrder: 0
  m_LocalEulerAnglesHint: {x: 0, y: 0, z: 0}
--- !u!1 &855904512
GameObject:
  m_ObjectHideFlags: 0
  m_CorrespondingSourceObject: {fileID: 1236554575476430, guid: 90373ca897f8dfb4db1db27e1047e906,
    type: 2}
  m_PrefabInternal: {fileID: 1131069246}
  serializedVersion: 6
  m_Component:
  - component: {fileID: 855904513}
  m_Layer: 0
  m_Name: Bip001 R Finger2Nub
  m_TagString: Untagged
  m_Icon: {fileID: 0}
  m_NavMeshLayer: 0
  m_StaticEditorFlags: 0
  m_IsActive: 1
--- !u!4 &855904513
Transform:
  m_ObjectHideFlags: 0
  m_CorrespondingSourceObject: {fileID: 4180628295259742, guid: 90373ca897f8dfb4db1db27e1047e906,
    type: 2}
  m_PrefabInternal: {fileID: 1131069246}
  m_GameObject: {fileID: 855904512}
  m_LocalRotation: {x: -0.000000044703494, y: 0.000000059604645, z: 1, w: -0.000000029802326}
  m_LocalPosition: {x: -0.002560773, y: -0.0000000038146974, z: 0.0000000019073487}
  m_LocalScale: {x: -0.9999999, y: -1, z: -0.9999998}
  m_Children: []
  m_Father: {fileID: 1079794708}
  m_RootOrder: 0
  m_LocalEulerAnglesHint: {x: 0, y: 0, z: 0}
--- !u!1 &913414709
GameObject:
  m_ObjectHideFlags: 0
  m_CorrespondingSourceObject: {fileID: 1534486766924892, guid: 90373ca897f8dfb4db1db27e1047e906,
    type: 2}
  m_PrefabInternal: {fileID: 1131069246}
  serializedVersion: 6
  m_Component:
  - component: {fileID: 913414710}
  m_Layer: 0
  m_Name: basic_rig R Finger0
  m_TagString: Untagged
  m_Icon: {fileID: 0}
  m_NavMeshLayer: 0
  m_StaticEditorFlags: 0
  m_IsActive: 1
--- !u!4 &913414710
Transform:
  m_ObjectHideFlags: 0
  m_CorrespondingSourceObject: {fileID: 4336258356212882, guid: 90373ca897f8dfb4db1db27e1047e906,
    type: 2}
  m_PrefabInternal: {fileID: 1131069246}
  m_GameObject: {fileID: 913414709}
  m_LocalRotation: {x: 0.07481256, y: 0.24372108, z: -0.08037574, w: 0.9636093}
  m_LocalPosition: {x: -0.0030959283, y: -0.00052522664, z: 0.0026663549}
  m_LocalScale: {x: 1.0000001, y: 0.99999994, z: 1}
  m_Children:
  - {fileID: 793792589}
  m_Father: {fileID: 627970539}
  m_RootOrder: 0
  m_LocalEulerAnglesHint: {x: 0, y: 0, z: 0}
--- !u!1 &944526267
GameObject:
  m_ObjectHideFlags: 0
  m_CorrespondingSourceObject: {fileID: 1264897076207180, guid: 90373ca897f8dfb4db1db27e1047e906,
    type: 2}
  m_PrefabInternal: {fileID: 1131069246}
  serializedVersion: 6
  m_Component:
  - component: {fileID: 944526268}
  m_Layer: 0
  m_Name: basic_rig
  m_TagString: Untagged
  m_Icon: {fileID: 0}
  m_NavMeshLayer: 0
  m_StaticEditorFlags: 0
  m_IsActive: 1
--- !u!4 &944526268
Transform:
  m_ObjectHideFlags: 0
  m_CorrespondingSourceObject: {fileID: 4194330421366892, guid: 90373ca897f8dfb4db1db27e1047e906,
    type: 2}
  m_PrefabInternal: {fileID: 1131069246}
  m_GameObject: {fileID: 944526267}
  m_LocalRotation: {x: -0.50000036, y: 0.4999997, z: 0.4999997, w: 0.50000036}
  m_LocalPosition: {x: -5.960465e-10, y: 0.27992857, z: -0.0037423922}
  m_LocalScale: {x: 9.999999, y: 9.999999, z: 10}
  m_Children:
  - {fileID: 1130515930}
  - {fileID: 1448517667}
  m_Father: {fileID: 1131069247}
  m_RootOrder: 0
  m_LocalEulerAnglesHint: {x: 0, y: 0, z: 0}
--- !u!1 &949681971
GameObject:
  m_ObjectHideFlags: 0
  m_CorrespondingSourceObject: {fileID: 1661386904064898, guid: 90373ca897f8dfb4db1db27e1047e906,
    type: 2}
  m_PrefabInternal: {fileID: 1131069246}
  serializedVersion: 6
  m_Component:
  - component: {fileID: 949681972}
  m_Layer: 0
  m_Name: Bip001 R Finger1Nub
  m_TagString: Untagged
  m_Icon: {fileID: 0}
  m_NavMeshLayer: 0
  m_StaticEditorFlags: 0
  m_IsActive: 1
--- !u!4 &949681972
Transform:
  m_ObjectHideFlags: 0
  m_CorrespondingSourceObject: {fileID: 4819458660460004, guid: 90373ca897f8dfb4db1db27e1047e906,
    type: 2}
  m_PrefabInternal: {fileID: 1131069246}
  m_GameObject: {fileID: 949681971}
  m_LocalRotation: {x: 2.3283063e-10, y: -1.7462301e-10, z: 1, w: 0.00000010430813}
  m_LocalPosition: {x: -0.0026012422, y: 0.0000000038146974, z: 2.384186e-10}
  m_LocalScale: {x: -1, y: -1, z: -1}
  m_Children: []
  m_Father: {fileID: 587683813}
  m_RootOrder: 0
  m_LocalEulerAnglesHint: {x: 0, y: 0, z: 0}
--- !u!1 &984672959
GameObject:
  m_ObjectHideFlags: 0
  m_CorrespondingSourceObject: {fileID: 1749501685752156, guid: 90373ca897f8dfb4db1db27e1047e906,
    type: 2}
  m_PrefabInternal: {fileID: 1131069246}
  serializedVersion: 6
  m_Component:
  - component: {fileID: 984672960}
  m_Layer: 0
  m_Name: basic_rig L Finger1
  m_TagString: Untagged
  m_Icon: {fileID: 0}
  m_NavMeshLayer: 0
  m_StaticEditorFlags: 0
  m_IsActive: 1
--- !u!4 &984672960
Transform:
  m_ObjectHideFlags: 0
  m_CorrespondingSourceObject: {fileID: 4273224403432664, guid: 90373ca897f8dfb4db1db27e1047e906,
    type: 2}
  m_PrefabInternal: {fileID: 1131069246}
  m_GameObject: {fileID: 984672959}
  m_LocalRotation: {x: -0.00039815914, y: -0.0000000010299386, z: -0.000000044703892,
    w: 0.99999994}
  m_LocalPosition: {x: -0.009509619, y: 0.00013267518, z: -0.0008340397}
  m_LocalScale: {x: 1.0000001, y: 1, z: 1}
  m_Children:
  - {fileID: 1826763007}
  m_Father: {fileID: 1570815945}
  m_RootOrder: 1
  m_LocalEulerAnglesHint: {x: 0, y: 0, z: 0}
--- !u!1 &1079794707
GameObject:
  m_ObjectHideFlags: 0
  m_CorrespondingSourceObject: {fileID: 1696236595289410, guid: 90373ca897f8dfb4db1db27e1047e906,
    type: 2}
  m_PrefabInternal: {fileID: 1131069246}
  serializedVersion: 6
  m_Component:
  - component: {fileID: 1079794708}
  m_Layer: 0
  m_Name: basic_rig R Finger2
  m_TagString: Untagged
  m_Icon: {fileID: 0}
  m_NavMeshLayer: 0
  m_StaticEditorFlags: 0
  m_IsActive: 1
--- !u!4 &1079794708
Transform:
  m_ObjectHideFlags: 0
  m_CorrespondingSourceObject: {fileID: 4834872449463804, guid: 90373ca897f8dfb4db1db27e1047e906,
    type: 2}
  m_PrefabInternal: {fileID: 1131069246}
  m_GameObject: {fileID: 1079794707}
  m_LocalRotation: {x: 0.0003823035, y: -0.27959302, z: -0.00011124473, w: 0.96011853}
  m_LocalPosition: {x: -0.008257883, y: 0.00015519715, z: -0.0024709878}
  m_LocalScale: {x: 1.0000002, y: 1, z: 1}
  m_Children:
  - {fileID: 855904513}
  m_Father: {fileID: 627970539}
  m_RootOrder: 2
  m_LocalEulerAnglesHint: {x: 0, y: 0, z: 0}
--- !u!1 &1089761141
GameObject:
  m_ObjectHideFlags: 0
  m_CorrespondingSourceObject: {fileID: 0}
  m_PrefabInternal: {fileID: 0}
  serializedVersion: 6
  m_Component:
  - component: {fileID: 1089761143}
  - component: {fileID: 1089761142}
  m_Layer: 0
  m_Name: Directional Light
  m_TagString: Untagged
  m_Icon: {fileID: 0}
  m_NavMeshLayer: 0
  m_StaticEditorFlags: 0
  m_IsActive: 1
--- !u!108 &1089761142
Light:
  m_ObjectHideFlags: 0
  m_CorrespondingSourceObject: {fileID: 0}
  m_PrefabInternal: {fileID: 0}
  m_GameObject: {fileID: 1089761141}
  m_Enabled: 1
  serializedVersion: 8
  m_Type: 1
  m_Color: {r: 0.61764705, g: 0.5672205, b: 0.45869377, a: 1}
  m_Intensity: 1
  m_Range: 10
  m_SpotAngle: 30
  m_CookieSize: 10
  m_Shadows:
    m_Type: 0
    m_Resolution: -1
    m_CustomResolution: -1
    m_Strength: 1
    m_Bias: 0.05
    m_NormalBias: 0.4
    m_NearPlane: 0.2
  m_Cookie: {fileID: 0}
  m_DrawHalo: 0
  m_Flare: {fileID: 0}
  m_RenderMode: 0
  m_CullingMask:
    serializedVersion: 2
    m_Bits: 4294967295
  m_Lightmapping: 4
  m_LightShadowCasterMode: 0
  m_AreaSize: {x: 1, y: 1}
  m_BounceIntensity: 1
  m_ColorTemperature: 6570
  m_UseColorTemperature: 0
  m_ShadowRadius: 0
  m_ShadowAngle: 0
--- !u!4 &1089761143
Transform:
  m_ObjectHideFlags: 0
  m_CorrespondingSourceObject: {fileID: 0}
  m_PrefabInternal: {fileID: 0}
  m_GameObject: {fileID: 1089761141}
  m_LocalRotation: {x: 0.8492995, y: 0.11367512, z: -0.2038988, w: 0.47349086}
  m_LocalPosition: {x: 36.3, y: 3, z: 0}
  m_LocalScale: {x: 1, y: 1, z: 1}
  m_Children: []
  m_Father: {fileID: 0}
  m_RootOrder: 2
  m_LocalEulerAnglesHint: {x: 0, y: 0, z: 0}
--- !u!1 &1094275876
GameObject:
  m_ObjectHideFlags: 0
  m_CorrespondingSourceObject: {fileID: 1174432020651628, guid: 90373ca897f8dfb4db1db27e1047e906,
    type: 2}
  m_PrefabInternal: {fileID: 1131069246}
  serializedVersion: 6
  m_Component:
  - component: {fileID: 1094275877}
  m_Layer: 0
  m_Name: basic_rig R Toe0
  m_TagString: Untagged
  m_Icon: {fileID: 0}
  m_NavMeshLayer: 0
  m_StaticEditorFlags: 0
  m_IsActive: 1
--- !u!4 &1094275877
Transform:
  m_ObjectHideFlags: 0
  m_CorrespondingSourceObject: {fileID: 4822363534713068, guid: 90373ca897f8dfb4db1db27e1047e906,
    type: 2}
  m_PrefabInternal: {fileID: 1131069246}
  m_GameObject: {fileID: 1094275876}
  m_LocalRotation: {x: 0.000000015454287, y: -0.00000001545432, z: -0.7071068, w: 0.7071068}
  m_LocalPosition: {x: -0.0038557667, y: 0.0038214023, z: 0}
  m_LocalScale: {x: 0.9999999, y: 1, z: 0.99999994}
  m_Children:
  - {fileID: 1159834366}
  m_Father: {fileID: 395846543}
  m_RootOrder: 0
  m_LocalEulerAnglesHint: {x: 0, y: 0, z: 0}
--- !u!1 &1111030056
GameObject:
  m_ObjectHideFlags: 0
  m_CorrespondingSourceObject: {fileID: 1170634447874922, guid: 90373ca897f8dfb4db1db27e1047e906,
    type: 2}
  m_PrefabInternal: {fileID: 1131069246}
  serializedVersion: 6
  m_Component:
  - component: {fileID: 1111030057}
  m_Layer: 0
  m_Name: basic_rig Spine
  m_TagString: Untagged
  m_Icon: {fileID: 0}
  m_NavMeshLayer: 0
  m_StaticEditorFlags: 0
  m_IsActive: 1
--- !u!4 &1111030057
Transform:
  m_ObjectHideFlags: 0
  m_CorrespondingSourceObject: {fileID: 4555771267639904, guid: 90373ca897f8dfb4db1db27e1047e906,
    type: 2}
  m_PrefabInternal: {fileID: 1131069246}
  m_GameObject: {fileID: 1111030056}
  m_LocalRotation: {x: -0.000002145482, y: 0.00000071611004, z: -0.000398159, w: 0.99999994}
  m_LocalPosition: {x: -0.0053296303, y: -0.000010513842, z: 0.0000000074057027}
  m_LocalScale: {x: 1, y: 1, z: 0.99999994}
  m_Children:
  - {fileID: 554437276}
  m_Father: {fileID: 1448517667}
  m_RootOrder: 2
  m_LocalEulerAnglesHint: {x: 0, y: 0, z: 0}
--- !u!1 &1130515929
GameObject:
  m_ObjectHideFlags: 0
  m_CorrespondingSourceObject: {fileID: 1262660132409580, guid: 90373ca897f8dfb4db1db27e1047e906,
    type: 2}
  m_PrefabInternal: {fileID: 1131069246}
  serializedVersion: 6
  m_Component:
  - component: {fileID: 1130515930}
  m_Layer: 0
  m_Name: basic_rig Footsteps
  m_TagString: Untagged
  m_Icon: {fileID: 0}
  m_NavMeshLayer: 0
  m_StaticEditorFlags: 0
  m_IsActive: 1
--- !u!4 &1130515930
Transform:
  m_ObjectHideFlags: 0
  m_CorrespondingSourceObject: {fileID: 4458078964600664, guid: 90373ca897f8dfb4db1db27e1047e906,
    type: 2}
  m_PrefabInternal: {fileID: 1131069246}
  m_GameObject: {fileID: 1130515929}
  m_LocalRotation: {x: 0, y: 0, z: -0.7071063, w: 0.70710725}
  m_LocalPosition: {x: -0, y: 0, z: -0.028020272}
  m_LocalScale: {x: 1, y: 1, z: 1}
  m_Children: []
  m_Father: {fileID: 944526268}
  m_RootOrder: 0
  m_LocalEulerAnglesHint: {x: 0, y: 0, z: 0}
--- !u!1001 &1131069246
Prefab:
  m_ObjectHideFlags: 0
  serializedVersion: 2
  m_Modification:
    m_TransformParent: {fileID: 0}
    m_Modifications:
    - target: {fileID: 4091759785990740, guid: 90373ca897f8dfb4db1db27e1047e906, type: 2}
      propertyPath: m_LocalPosition.x
      value: 0
      objectReference: {fileID: 0}
    - target: {fileID: 4091759785990740, guid: 90373ca897f8dfb4db1db27e1047e906, type: 2}
      propertyPath: m_LocalPosition.y
      value: 0
      objectReference: {fileID: 0}
    - target: {fileID: 4091759785990740, guid: 90373ca897f8dfb4db1db27e1047e906, type: 2}
      propertyPath: m_LocalPosition.z
      value: 0
      objectReference: {fileID: 0}
    - target: {fileID: 4091759785990740, guid: 90373ca897f8dfb4db1db27e1047e906, type: 2}
      propertyPath: m_LocalRotation.x
      value: 0
      objectReference: {fileID: 0}
    - target: {fileID: 4091759785990740, guid: 90373ca897f8dfb4db1db27e1047e906, type: 2}
      propertyPath: m_LocalRotation.y
      value: 0
      objectReference: {fileID: 0}
    - target: {fileID: 4091759785990740, guid: 90373ca897f8dfb4db1db27e1047e906, type: 2}
      propertyPath: m_LocalRotation.z
      value: 0
      objectReference: {fileID: 0}
    - target: {fileID: 4091759785990740, guid: 90373ca897f8dfb4db1db27e1047e906, type: 2}
      propertyPath: m_LocalRotation.w
      value: 1
      objectReference: {fileID: 0}
    - target: {fileID: 4091759785990740, guid: 90373ca897f8dfb4db1db27e1047e906, type: 2}
      propertyPath: m_RootOrder
      value: 0
      objectReference: {fileID: 0}
    m_RemovedComponents: []
  m_SourcePrefab: {fileID: 100100000, guid: 90373ca897f8dfb4db1db27e1047e906, type: 2}
  m_RootGameObject: {fileID: 2044055291}
  m_IsPrefabAsset: 0
--- !u!4 &1131069247
Transform:
  m_ObjectHideFlags: 0
  m_CorrespondingSourceObject: {fileID: 4091759785990740, guid: 90373ca897f8dfb4db1db27e1047e906,
    type: 2}
  m_PrefabInternal: {fileID: 1131069246}
  m_GameObject: {fileID: 2044055291}
  m_LocalRotation: {x: 0, y: 0, z: 0, w: 1}
  m_LocalPosition: {x: 0, y: 0, z: 0}
  m_LocalScale: {x: 1, y: 1, z: 1}
  m_Children:
  - {fileID: 944526268}
  - {fileID: 1694111595}
  m_Father: {fileID: 0}
  m_RootOrder: 0
  m_LocalEulerAnglesHint: {x: 0, y: 0, z: 0}
--- !u!1 &1140697285
GameObject:
  m_ObjectHideFlags: 0
  m_CorrespondingSourceObject: {fileID: 1738628476945146, guid: 90373ca897f8dfb4db1db27e1047e906,
    type: 2}
  m_PrefabInternal: {fileID: 1131069246}
  serializedVersion: 6
  m_Component:
  - component: {fileID: 1140697286}
  m_Layer: 0
  m_Name: basic_rig L Finger0
  m_TagString: Untagged
  m_Icon: {fileID: 0}
  m_NavMeshLayer: 0
  m_StaticEditorFlags: 0
  m_IsActive: 1
--- !u!4 &1140697286
Transform:
  m_ObjectHideFlags: 0
  m_CorrespondingSourceObject: {fileID: 4997305214231088, guid: 90373ca897f8dfb4db1db27e1047e906,
    type: 2}
  m_PrefabInternal: {fileID: 1131069246}
  m_GameObject: {fileID: 1140697285}
  m_LocalRotation: {x: -0.07481247, y: -0.2437212, z: -0.08037572, w: 0.9636093}
  m_LocalPosition: {x: -0.0030959342, y: -0.00052522664, z: -0.0026663537}
  m_LocalScale: {x: 1.0000002, y: 0.99999994, z: 1}
  m_Children:
  - {fileID: 2116374701}
  m_Father: {fileID: 1570815945}
  m_RootOrder: 0
  m_LocalEulerAnglesHint: {x: 0, y: 0, z: 0}
--- !u!1 &1159834365
GameObject:
  m_ObjectHideFlags: 0
  m_CorrespondingSourceObject: {fileID: 1052582076442434, guid: 90373ca897f8dfb4db1db27e1047e906,
    type: 2}
  m_PrefabInternal: {fileID: 1131069246}
  serializedVersion: 6
  m_Component:
  - component: {fileID: 1159834366}
  m_Layer: 0
  m_Name: Bip001 R Toe0Nub
  m_TagString: Untagged
  m_Icon: {fileID: 0}
  m_NavMeshLayer: 0
  m_StaticEditorFlags: 0
  m_IsActive: 1
--- !u!4 &1159834366
Transform:
  m_ObjectHideFlags: 0
  m_CorrespondingSourceObject: {fileID: 4435854051736042, guid: 90373ca897f8dfb4db1db27e1047e906,
    type: 2}
  m_PrefabInternal: {fileID: 1131069246}
  m_GameObject: {fileID: 1159834365}
  m_LocalRotation: {x: 1.4210856e-14, y: -1.1897933e-13, z: -5.684344e-14, w: 1}
  m_LocalPosition: {x: -0.0029622274, y: 0, z: -4.768372e-10}
  m_LocalScale: {x: 0.9999998, y: 0.99999994, z: 0.9999999}
  m_Children: []
  m_Father: {fileID: 1094275877}
  m_RootOrder: 0
  m_LocalEulerAnglesHint: {x: 0, y: 0, z: 0}
--- !u!1 &1262471827
GameObject:
  m_ObjectHideFlags: 0
  m_CorrespondingSourceObject: {fileID: 1327354802647150, guid: 90373ca897f8dfb4db1db27e1047e906,
    type: 2}
  m_PrefabInternal: {fileID: 1131069246}
  serializedVersion: 6
  m_Component:
  - component: {fileID: 1262471828}
  m_Layer: 0
  m_Name: basic_rig L Toe0
  m_TagString: Untagged
  m_Icon: {fileID: 0}
  m_NavMeshLayer: 0
  m_StaticEditorFlags: 0
  m_IsActive: 1
--- !u!4 &1262471828
Transform:
  m_ObjectHideFlags: 0
  m_CorrespondingSourceObject: {fileID: 4808209171454998, guid: 90373ca897f8dfb4db1db27e1047e906,
    type: 2}
  m_PrefabInternal: {fileID: 1131069246}
  m_GameObject: {fileID: 1262471827}
  m_LocalRotation: {x: -3.100837e-14, y: -3.1008365e-14, z: -0.7071068, w: 0.7071068}
  m_LocalPosition: {x: -0.0038557672, y: 0.0038214028, z: 9.536744e-10}
  m_LocalScale: {x: 1, y: 1, z: 0.99999994}
  m_Children:
  - {fileID: 1697316212}
  m_Father: {fileID: 330920644}
  m_RootOrder: 0
  m_LocalEulerAnglesHint: {x: 0, y: 0, z: 0}
--- !u!1 &1375419307
GameObject:
  m_ObjectHideFlags: 0
  m_CorrespondingSourceObject: {fileID: 1323707893081364, guid: 90373ca897f8dfb4db1db27e1047e906,
    type: 2}
  m_PrefabInternal: {fileID: 1131069246}
  serializedVersion: 6
  m_Component:
  - component: {fileID: 1375419308}
  m_Layer: 0
  m_Name: basic_rig L Calf
  m_TagString: Untagged
  m_Icon: {fileID: 0}
  m_NavMeshLayer: 0
  m_StaticEditorFlags: 0
  m_IsActive: 1
--- !u!4 &1375419308
Transform:
  m_ObjectHideFlags: 0
  m_CorrespondingSourceObject: {fileID: 4294378908441844, guid: 90373ca897f8dfb4db1db27e1047e906,
    type: 2}
  m_PrefabInternal: {fileID: 1131069246}
  m_GameObject: {fileID: 1375419307}
  m_LocalRotation: {x: 4.6256246e-10, y: 5.3632265e-11, z: 0.11517442, w: 0.9933453}
  m_LocalPosition: {x: -0.012845734, y: 5.960465e-11, z: 9.536744e-10}
  m_LocalScale: {x: 1, y: 1.0000001, z: 1.0000001}
  m_Children:
  - {fileID: 330920644}
  m_Father: {fileID: 1661502851}
  m_RootOrder: 0
  m_LocalEulerAnglesHint: {x: 0, y: 0, z: 0}
--- !u!1 &1398292250
GameObject:
  m_ObjectHideFlags: 0
  m_CorrespondingSourceObject: {fileID: 0}
  m_PrefabInternal: {fileID: 0}
  serializedVersion: 6
  m_Component:
  - component: {fileID: 1398292254}
  - component: {fileID: 1398292253}
  - component: {fileID: 1398292252}
  - component: {fileID: 1398292251}
  m_Layer: 0
  m_Name: Plane
  m_TagString: Untagged
  m_Icon: {fileID: 0}
  m_NavMeshLayer: 0
  m_StaticEditorFlags: 4294967295
  m_IsActive: 1
--- !u!23 &1398292251
MeshRenderer:
  m_ObjectHideFlags: 0
  m_CorrespondingSourceObject: {fileID: 0}
  m_PrefabInternal: {fileID: 0}
  m_GameObject: {fileID: 1398292250}
  m_Enabled: 1
  m_CastShadows: 1
  m_ReceiveShadows: 1
  m_DynamicOccludee: 1
  m_MotionVectors: 1
  m_LightProbeUsage: 1
  m_ReflectionProbeUsage: 1
  m_RenderingLayerMask: 4294967295
  m_Materials:
  - {fileID: 10303, guid: 0000000000000000f000000000000000, type: 0}
  m_StaticBatchInfo:
    firstSubMesh: 0
    subMeshCount: 0
  m_StaticBatchRoot: {fileID: 0}
  m_ProbeAnchor: {fileID: 0}
  m_LightProbeVolumeOverride: {fileID: 0}
  m_ScaleInLightmap: 1
  m_PreserveUVs: 1
  m_IgnoreNormalsForChartDetection: 0
  m_ImportantGI: 0
  m_StitchLightmapSeams: 0
  m_SelectedEditorRenderState: 3
  m_MinimumChartSize: 4
  m_AutoUVMaxDistance: 0.5
  m_AutoUVMaxAngle: 89
  m_LightmapParameters: {fileID: 0}
  m_SortingLayerID: 0
  m_SortingLayer: 0
  m_SortingOrder: 0
--- !u!64 &1398292252
MeshCollider:
  m_ObjectHideFlags: 0
  m_CorrespondingSourceObject: {fileID: 0}
  m_PrefabInternal: {fileID: 0}
  m_GameObject: {fileID: 1398292250}
  m_Material: {fileID: 0}
  m_IsTrigger: 0
  m_Enabled: 1
  serializedVersion: 3
  m_Convex: 0
  m_CookingOptions: 14
  m_SkinWidth: 0.01
  m_Mesh: {fileID: 10209, guid: 0000000000000000e000000000000000, type: 0}
--- !u!33 &1398292253
MeshFilter:
  m_ObjectHideFlags: 0
  m_CorrespondingSourceObject: {fileID: 0}
  m_PrefabInternal: {fileID: 0}
  m_GameObject: {fileID: 1398292250}
  m_Mesh: {fileID: 10209, guid: 0000000000000000e000000000000000, type: 0}
--- !u!4 &1398292254
Transform:
  m_ObjectHideFlags: 0
  m_CorrespondingSourceObject: {fileID: 0}
  m_PrefabInternal: {fileID: 0}
  m_GameObject: {fileID: 1398292250}
  m_LocalRotation: {x: 0, y: 0, z: 0, w: 1}
  m_LocalPosition: {x: -34.4, y: 0, z: 0}
  m_LocalScale: {x: 80, y: 1, z: 80}
  m_Children: []
  m_Father: {fileID: 0}
  m_RootOrder: 3
  m_LocalEulerAnglesHint: {x: 0, y: 0, z: 0}
--- !u!1 &1426706941
GameObject:
  m_ObjectHideFlags: 0
  m_CorrespondingSourceObject: {fileID: 1015094657159150, guid: 90373ca897f8dfb4db1db27e1047e906,
    type: 2}
  m_PrefabInternal: {fileID: 1131069246}
  serializedVersion: 6
  m_Component:
  - component: {fileID: 1426706942}
  m_Layer: 0
  m_Name: basic_rig Neck
  m_TagString: Untagged
  m_Icon: {fileID: 0}
  m_NavMeshLayer: 0
  m_StaticEditorFlags: 0
  m_IsActive: 1
--- !u!4 &1426706942
Transform:
  m_ObjectHideFlags: 0
  m_CorrespondingSourceObject: {fileID: 4902662075062982, guid: 90373ca897f8dfb4db1db27e1047e906,
    type: 2}
  m_PrefabInternal: {fileID: 1131069246}
  m_GameObject: {fileID: 1426706941}
  m_LocalRotation: {x: 0.000000010399563, y: 0.0000002381917, z: -0.043619383, w: 0.99904823}
  m_LocalPosition: {x: -0.013221314, y: -0.0011474581, z: -9.460564e-12}
  m_LocalScale: {x: 1, y: 1, z: 1}
  m_Children:
  - {fileID: 217049220}
  m_Father: {fileID: 554437276}
  m_RootOrder: 1
  m_LocalEulerAnglesHint: {x: 0, y: 0, z: 0}
--- !u!1 &1448517666
GameObject:
  m_ObjectHideFlags: 0
  m_CorrespondingSourceObject: {fileID: 1727018063254116, guid: 90373ca897f8dfb4db1db27e1047e906,
    type: 2}
  m_PrefabInternal: {fileID: 1131069246}
  serializedVersion: 6
  m_Component:
  - component: {fileID: 1448517667}
  m_Layer: 0
  m_Name: basic_rig Pelvis
  m_TagString: Untagged
  m_Icon: {fileID: 0}
  m_NavMeshLayer: 0
  m_StaticEditorFlags: 0
  m_IsActive: 1
--- !u!4 &1448517667
Transform:
  m_ObjectHideFlags: 0
  m_CorrespondingSourceObject: {fileID: 4613432690923138, guid: 90373ca897f8dfb4db1db27e1047e906,
    type: 2}
  m_PrefabInternal: {fileID: 1131069246}
  m_GameObject: {fileID: 1448517666}
  m_LocalRotation: {x: -0.5, y: 0.5, z: 0.49999937, w: 0.50000066}
  m_LocalPosition: {x: -0, y: 0, z: 0}
  m_LocalScale: {x: 1, y: 0.9999999, z: 0.9999999}
  m_Children:
  - {fileID: 1661502851}
  - {fileID: 1741291345}
  - {fileID: 1111030057}
  m_Father: {fileID: 944526268}
  m_RootOrder: 1
  m_LocalEulerAnglesHint: {x: 0, y: 0, z: 0}
--- !u!1 &1570815944
GameObject:
  m_ObjectHideFlags: 0
  m_CorrespondingSourceObject: {fileID: 1656392331095170, guid: 90373ca897f8dfb4db1db27e1047e906,
    type: 2}
  m_PrefabInternal: {fileID: 1131069246}
  serializedVersion: 6
  m_Component:
  - component: {fileID: 1570815945}
  m_Layer: 0
  m_Name: basic_rig L Hand
  m_TagString: Untagged
  m_Icon: {fileID: 0}
  m_NavMeshLayer: 0
  m_StaticEditorFlags: 0
  m_IsActive: 1
--- !u!4 &1570815945
Transform:
  m_ObjectHideFlags: 0
  m_CorrespondingSourceObject: {fileID: 4990103585475540, guid: 90373ca897f8dfb4db1db27e1047e906,
    type: 2}
  m_PrefabInternal: {fileID: 1131069246}
  m_GameObject: {fileID: 1570815944}
  m_LocalRotation: {x: -0.7051003, y: -0.049390055, z: -0.049350746, w: 0.7056619}
  m_LocalPosition: {x: -0.011165719, y: 2.384186e-10, z: -0.0000000038146974}
  m_LocalScale: {x: 1, y: 1, z: 0.9999998}
  m_Children:
  - {fileID: 1140697286}
  - {fileID: 984672960}
  - {fileID: 54392310}
  m_Father: {fileID: 836660181}
  m_RootOrder: 0
  m_LocalEulerAnglesHint: {x: 0, y: 0, z: 0}
--- !u!1 &1661502850
GameObject:
  m_ObjectHideFlags: 0
  m_CorrespondingSourceObject: {fileID: 1590971262480230, guid: 90373ca897f8dfb4db1db27e1047e906,
    type: 2}
  m_PrefabInternal: {fileID: 1131069246}
  serializedVersion: 6
  m_Component:
  - component: {fileID: 1661502851}
  m_Layer: 0
  m_Name: basic_rig L Thigh
  m_TagString: Untagged
  m_Icon: {fileID: 0}
  m_NavMeshLayer: 0
  m_StaticEditorFlags: 0
  m_IsActive: 1
--- !u!4 &1661502851
Transform:
  m_ObjectHideFlags: 0
  m_CorrespondingSourceObject: {fileID: 4364026580238456, guid: 90373ca897f8dfb4db1db27e1047e906,
    type: 2}
  m_PrefabInternal: {fileID: 1131069246}
  m_GameObject: {fileID: 1661502850}
  m_LocalRotation: {x: 0.0040685353, y: 0.9999575, z: -0.0009407805, w: 0.008219763}
  m_LocalPosition: {x: 0.000000009536744, y: 0.000000010311604, z: 0.0065819896}
  m_LocalScale: {x: 1.0000001, y: 1.0000001, z: 1}
  m_Children:
  - {fileID: 1375419308}
  m_Father: {fileID: 1448517667}
  m_RootOrder: 0
  m_LocalEulerAnglesHint: {x: 0, y: 0, z: 0}
--- !u!1 &1694111594
GameObject:
  m_ObjectHideFlags: 0
  m_CorrespondingSourceObject: {fileID: 1367921584151012, guid: 90373ca897f8dfb4db1db27e1047e906,
    type: 2}
  m_PrefabInternal: {fileID: 1131069246}
  serializedVersion: 6
  m_Component:
  - component: {fileID: 1694111595}
  - component: {fileID: 1694111596}
  m_Layer: 0
  m_Name: C_man_1_FBX2013
  m_TagString: Untagged
  m_Icon: {fileID: 0}
  m_NavMeshLayer: 0
  m_StaticEditorFlags: 0
  m_IsActive: 1
--- !u!4 &1694111595
Transform:
  m_ObjectHideFlags: 0
  m_CorrespondingSourceObject: {fileID: 4005948585728202, guid: 90373ca897f8dfb4db1db27e1047e906,
    type: 2}
  m_PrefabInternal: {fileID: 1131069246}
  m_GameObject: {fileID: 1694111594}
  m_LocalRotation: {x: -0.7071068, y: 0, z: -0, w: 0.7071068}
  m_LocalPosition: {x: -0, y: 0, z: 0}
  m_LocalScale: {x: 10, y: 10, z: 10}
  m_Children: []
  m_Father: {fileID: 1131069247}
  m_RootOrder: 1
  m_LocalEulerAnglesHint: {x: 0, y: 0, z: 0}
--- !u!137 &1694111596
SkinnedMeshRenderer:
  m_ObjectHideFlags: 0
  m_CorrespondingSourceObject: {fileID: 137641413518133222, guid: 90373ca897f8dfb4db1db27e1047e906,
    type: 2}
  m_PrefabInternal: {fileID: 1131069246}
  m_GameObject: {fileID: 1694111594}
  m_Enabled: 1
  m_CastShadows: 1
  m_ReceiveShadows: 1
  m_DynamicOccludee: 1
  m_MotionVectors: 1
  m_LightProbeUsage: 1
  m_ReflectionProbeUsage: 1
  m_RenderingLayerMask: 4294967295
  m_Materials:
  - {fileID: 2100000, guid: 8d74c62051dcbe24eb59170e3cceb73e, type: 2}
  - {fileID: 2100000, guid: e639426dff5dcfa40bf254c0ffc5f841, type: 2}
  m_StaticBatchInfo:
    firstSubMesh: 0
    subMeshCount: 0
  m_StaticBatchRoot: {fileID: 0}
  m_ProbeAnchor: {fileID: 0}
  m_LightProbeVolumeOverride: {fileID: 0}
  m_ScaleInLightmap: 1
  m_PreserveUVs: 0
  m_IgnoreNormalsForChartDetection: 0
  m_ImportantGI: 0
  m_StitchLightmapSeams: 0
  m_SelectedEditorRenderState: 3
  m_MinimumChartSize: 4
  m_AutoUVMaxDistance: 0.5
  m_AutoUVMaxAngle: 89
  m_LightmapParameters: {fileID: 0}
  m_SortingLayerID: 0
  m_SortingLayer: 0
  m_SortingOrder: 0
  serializedVersion: 2
  m_Quality: 0
  m_UpdateWhenOffscreen: 0
  m_SkinnedMotionVectors: 1
  m_Mesh: {fileID: 4300000, guid: 461413943bab6ef40aa2a33f18380180, type: 3}
  m_Bones:
  - {fileID: 1111030057}
  - {fileID: 554437276}
  - {fileID: 110082910}
  - {fileID: 245497666}
  - {fileID: 1448517667}
  - {fileID: 1661502851}
  - {fileID: 1375419308}
  - {fileID: 330920644}
  - {fileID: 1262471828}
  - {fileID: 836660181}
  - {fileID: 1570815945}
  - {fileID: 1140697286}
  - {fileID: 54392310}
  - {fileID: 984672960}
  - {fileID: 1741291345}
  - {fileID: 804773394}
  - {fileID: 395846543}
  - {fileID: 1094275877}
  - {fileID: 278202437}
  - {fileID: 705666819}
  - {fileID: 124808593}
  - {fileID: 627970539}
  - {fileID: 913414710}
  - {fileID: 1079794708}
  - {fileID: 587683813}
  - {fileID: 217049220}
  - {fileID: 1426706942}
  m_BlendShapeWeights: []
  m_RootBone: {fileID: 1448517667}
  m_AABB:
    m_Center: {x: -0.026544098, y: -0.000065948814, z: 0.000000006519258}
    m_Extent: {x: 0.055122387, y: 0.019937018, z: 0.02970102}
  m_DirtyAABB: 0
--- !u!1 &1697316211
GameObject:
  m_ObjectHideFlags: 0
  m_CorrespondingSourceObject: {fileID: 1338768252973960, guid: 90373ca897f8dfb4db1db27e1047e906,
    type: 2}
  m_PrefabInternal: {fileID: 1131069246}
  serializedVersion: 6
  m_Component:
  - component: {fileID: 1697316212}
  m_Layer: 0
  m_Name: Bip001 L Toe0Nub
  m_TagString: Untagged
  m_Icon: {fileID: 0}
  m_NavMeshLayer: 0
  m_StaticEditorFlags: 0
  m_IsActive: 1
--- !u!4 &1697316212
Transform:
  m_ObjectHideFlags: 0
  m_CorrespondingSourceObject: {fileID: 4218890272423650, guid: 90373ca897f8dfb4db1db27e1047e906,
    type: 2}
  m_PrefabInternal: {fileID: 1131069246}
  m_GameObject: {fileID: 1697316211}
  m_LocalRotation: {x: 2.0050202e-13, y: -5.684341e-14, z: 1, w: -0.0000000437114}
  m_LocalPosition: {x: -0.0029622274, y: 0, z: -4.768372e-10}
  m_LocalScale: {x: -0.9999999, y: -1, z: -0.99999994}
  m_Children: []
  m_Father: {fileID: 1262471828}
  m_RootOrder: 0
  m_LocalEulerAnglesHint: {x: 0, y: 0, z: 0}
--- !u!1 &1741291344
GameObject:
  m_ObjectHideFlags: 0
  m_CorrespondingSourceObject: {fileID: 1118597467308944, guid: 90373ca897f8dfb4db1db27e1047e906,
    type: 2}
  m_PrefabInternal: {fileID: 1131069246}
  serializedVersion: 6
  m_Component:
  - component: {fileID: 1741291345}
  m_Layer: 0
  m_Name: basic_rig R Thigh
  m_TagString: Untagged
  m_Icon: {fileID: 0}
  m_NavMeshLayer: 0
  m_StaticEditorFlags: 0
  m_IsActive: 1
--- !u!4 &1741291345
Transform:
  m_ObjectHideFlags: 0
  m_CorrespondingSourceObject: {fileID: 4683240147376920, guid: 90373ca897f8dfb4db1db27e1047e906,
    type: 2}
  m_PrefabInternal: {fileID: 1131069246}
  m_GameObject: {fileID: 1741291344}
  m_LocalRotation: {x: 0.004068643, y: 0.9999575, z: 0.000939357, w: -0.008221315}
  m_LocalPosition: {x: -0.000000007629395, y: -0.000000007897616, z: -0.006581991}
  m_LocalScale: {x: 1.0000001, y: 1.0000001, z: 1}
  m_Children:
  - {fileID: 804773394}
  m_Father: {fileID: 1448517667}
  m_RootOrder: 1
  m_LocalEulerAnglesHint: {x: 0, y: 0, z: 0}
--- !u!1 &1826763006
GameObject:
  m_ObjectHideFlags: 0
  m_CorrespondingSourceObject: {fileID: 1988030441450954, guid: 90373ca897f8dfb4db1db27e1047e906,
    type: 2}
  m_PrefabInternal: {fileID: 1131069246}
  serializedVersion: 6
  m_Component:
  - component: {fileID: 1826763007}
  m_Layer: 0
  m_Name: Bip001 L Finger1Nub
  m_TagString: Untagged
  m_Icon: {fileID: 0}
  m_NavMeshLayer: 0
  m_StaticEditorFlags: 0
  m_IsActive: 1
--- !u!4 &1826763007
Transform:
  m_ObjectHideFlags: 0
  m_CorrespondingSourceObject: {fileID: 4726268016930876, guid: 90373ca897f8dfb4db1db27e1047e906,
    type: 2}
  m_PrefabInternal: {fileID: 1131069246}
  m_GameObject: {fileID: 1826763006}
  m_LocalRotation: {x: 1.7462289e-10, y: -0.0000000013969834, z: -0.000000044703466,
    w: 1}
  m_LocalPosition: {x: -0.0026012412, y: -0.0000000038146974, z: -4.768372e-10}
  m_LocalScale: {x: 1.0000002, y: 1.0000001, z: 1.0000001}
  m_Children: []
  m_Father: {fileID: 984672960}
  m_RootOrder: 0
  m_LocalEulerAnglesHint: {x: 0, y: 0, z: 0}
--- !u!1 &2044055291
GameObject:
  m_ObjectHideFlags: 0
  m_CorrespondingSourceObject: {fileID: 1442384863535206, guid: 90373ca897f8dfb4db1db27e1047e906,
    type: 2}
  m_PrefabInternal: {fileID: 1131069246}
  serializedVersion: 6
  m_Component:
  - component: {fileID: 1131069247}
  - component: {fileID: 2044055295}
  - component: {fileID: 2044055294}
  - component: {fileID: 2044055293}
  - component: {fileID: 2044055292}
  m_Layer: 0
  m_Name: AstroBoy
  m_TagString: Untagged
  m_Icon: {fileID: 0}
  m_NavMeshLayer: 0
  m_StaticEditorFlags: 0
  m_IsActive: 1
--- !u!114 &2044055292
MonoBehaviour:
  m_ObjectHideFlags: 0
  m_CorrespondingSourceObject: {fileID: 114311738799540160, guid: 90373ca897f8dfb4db1db27e1047e906,
    type: 2}
  m_PrefabInternal: {fileID: 1131069246}
  m_GameObject: {fileID: 2044055291}
  m_Enabled: 1
  m_EditorHideFlags: 0
  m_Script: {fileID: 11500000, guid: 32ca30c36b506c64aafa127f12f968fa, type: 3}
  m_Name: 
  m_EditorClassIdentifier: 
  m_moveSpeed: 2
  m_turnSpeed: 200
  m_jumpForce: 4
  m_animator: {fileID: 2044055293}
  m_rigidBody: {fileID: 2044055295}
  m_controlMode: 0
--- !u!95 &2044055293
Animator:
  serializedVersion: 3
  m_ObjectHideFlags: 0
  m_CorrespondingSourceObject: {fileID: 95210384538731522, guid: 90373ca897f8dfb4db1db27e1047e906,
    type: 2}
  m_PrefabInternal: {fileID: 1131069246}
  m_GameObject: {fileID: 2044055291}
  m_Enabled: 1
  m_Avatar: {fileID: 9000000, guid: ea47989d4c373314893964326c69cd45, type: 3}
  m_Controller: {fileID: 9100000, guid: 5be58d9c5b1b645418afeca0def912da, type: 2}
  m_CullingMode: 0
  m_UpdateMode: 0
  m_ApplyRootMotion: 1
  m_LinearVelocityBlending: 0
  m_WarningMessage: 
  m_HasTransformHierarchy: 1
  m_AllowConstantClipSamplingOptimization: 1
  m_KeepAnimatorControllerStateOnDisable: 0
--- !u!136 &2044055294
CapsuleCollider:
  m_ObjectHideFlags: 0
  m_CorrespondingSourceObject: {fileID: 136791085678561804, guid: 90373ca897f8dfb4db1db27e1047e906,
    type: 2}
  m_PrefabInternal: {fileID: 1131069246}
  m_GameObject: {fileID: 2044055291}
  m_Material: {fileID: 0}
  m_IsTrigger: 0
  m_Enabled: 1
  m_Radius: 0.1
  m_Height: 1
  m_Direction: 1
  m_Center: {x: 0, y: 0.5, z: 0}
--- !u!54 &2044055295
Rigidbody:
  m_ObjectHideFlags: 0
  m_CorrespondingSourceObject: {fileID: 54696410748137824, guid: 90373ca897f8dfb4db1db27e1047e906,
    type: 2}
  m_PrefabInternal: {fileID: 1131069246}
  m_GameObject: {fileID: 2044055291}
  serializedVersion: 2
  m_Mass: 1
  m_Drag: 0
  m_AngularDrag: 5
  m_UseGravity: 1
  m_IsKinematic: 0
  m_Interpolate: 0
  m_Constraints: 112
  m_CollisionDetection: 0
--- !u!1 &2069719493
GameObject:
  m_ObjectHideFlags: 0
  m_CorrespondingSourceObject: {fileID: 1081327800923590, guid: 90373ca897f8dfb4db1db27e1047e906,
    type: 2}
  m_PrefabInternal: {fileID: 1131069246}
  serializedVersion: 6
  m_Component:
  - component: {fileID: 2069719494}
  m_Layer: 0
  m_Name: Bip001 HeadNub
  m_TagString: Untagged
  m_Icon: {fileID: 0}
  m_NavMeshLayer: 0
  m_StaticEditorFlags: 0
  m_IsActive: 1
--- !u!4 &2069719494
Transform:
  m_ObjectHideFlags: 0
  m_CorrespondingSourceObject: {fileID: 4665047518099822, guid: 90373ca897f8dfb4db1db27e1047e906,
    type: 2}
  m_PrefabInternal: {fileID: 1131069246}
  m_GameObject: {fileID: 2069719493}
  m_LocalRotation: {x: 1.3145042e-13, y: 0, z: -0, w: 1}
  m_LocalPosition: {x: -0.03315734, y: 9.536744e-10, z: -7.275958e-15}
  m_LocalScale: {x: 1, y: 0.99999994, z: 1}
  m_Children: []
  m_Father: {fileID: 217049220}
  m_RootOrder: 0
  m_LocalEulerAnglesHint: {x: 0, y: 0, z: 0}
--- !u!1 &2116374700
GameObject:
  m_ObjectHideFlags: 0
  m_CorrespondingSourceObject: {fileID: 1261816777779952, guid: 90373ca897f8dfb4db1db27e1047e906,
    type: 2}
  m_PrefabInternal: {fileID: 1131069246}
  serializedVersion: 6
  m_Component:
  - component: {fileID: 2116374701}
  m_Layer: 0
  m_Name: Bip001 L Finger0Nub
  m_TagString: Untagged
  m_Icon: {fileID: 0}
  m_NavMeshLayer: 0
  m_StaticEditorFlags: 0
  m_IsActive: 1
--- !u!4 &2116374701
Transform:
  m_ObjectHideFlags: 0
  m_CorrespondingSourceObject: {fileID: 4550040170984888, guid: 90373ca897f8dfb4db1db27e1047e906,
    type: 2}
  m_PrefabInternal: {fileID: 1131069246}
  m_GameObject: {fileID: 2116374700}
  m_LocalRotation: {x: -0.000000007450579, y: -3.3306683e-16, z: 0.000000044703484,
    w: 1}
  m_LocalPosition: {x: -0.0039451947, y: 0, z: 0}
  m_LocalScale: {x: 1, y: 1.0000001, z: 0.99999994}
  m_Children: []
  m_Father: {fileID: 1140697286}
  m_RootOrder: 0
  m_LocalEulerAnglesHint: {x: 0, y: 0, z: 0}
